@online{doc:mongodb,
  title = {Welcome to the MongoDB Documentation},
  url   = {https://docs.mongodb.com/},
  year  = {2021}
}

@online{doc:git,
  title = {About Git},
  url   = {https://git-scm.com/doc},
  year  = {2021}
}

@online{github,
  title = {GitHub},
  url   = {https://github.com/},
  year  = {2021}
}

@online{nodejs,
  title = {About NodeJS},
  url   = {https://nodejs.org/en/about/},
  year  = {2021}
}

@online{react,
  title = {React Uma biblioteca JavaScript para criar interfaces de usu√°rio},
  url   = {https://pt-br.reactjs.org/},
  year  = {2021}
}

@online{reactbootstrap,
  title = {React Bootstrap The most popular front-end framework Rebuilt for React},
  url   = {https://react-bootstrap.github.io/},
  year  = {2021}
}