@inproceedings{richards_et_al:CTTS,
  author    = {Gregor Richards and Francesco Zappa Nardelli and Jan Vitek},
  title     = {{Concrete Types for TypeScript}},
  booktitle = {29th European Conference on Object-Oriented Programming (ECOOP 2015)},
  pages     = {76--100},
  series    = {Leibniz International Proceedings in Informatics (LIPIcs)},
  isbn      = {978-3-939897-86-6},
  issn      = {1868-8969},
  year      = {2015},
  volume    = {37},
  editor    = {John Tang Boyland},
  publisher = {Schloss Dagstuhl--Leibniz-Zentrum fuer Informatik},
  address   = {Dagstuhl, Germany},
  url       = {http://drops.dagstuhl.de/opus/volltexte/2015/5218},
  urn       = {urn:nbn:de:0030-drops-52185},
  doi       = {10.4230/LIPIcs.ECOOP.2015.76},
  annote    = {Keywords: Gradual typing, dynamic languages}
}

@inproceedings{pereiraetal,
  title={Utiliza{\c{c}}{\~a}o de Problemas da Maratona de Competi{\c{c}}{\~a}o de Programa{\c{c}}{\~a}o e Ju{\'\i}zes Eletr{\^o}nicos como Estrat{\'e}gia de Ensino em um Curso de Gradua{\c{c}}{\~a}o em Engenharia de Software.},
  author={Gomes Pereira, Tiago and de Sales, Andr{\'e} Barros and Costa Jr, Edson and de Sales, M{\'a}rcia Barros},
  booktitle={Brazilian Symposium on Computers in Education (Simp{\'o}sio Brasileiro de Inform{\'a}tica na Educa{\c{c}}{\~a}o-SBIE)},
  volume={27},
  number={1},
  pages={210},
  year={2016},
  url={http://br-ie.org/pub/index.php/sbie/article/view/6701}
}



@article{dmitry2014micro,
  title={On micro-services architecture},
  author={Dmitry, Namiot and Manfred, Sneps-Sneppe},
  journal={International Journal of Open Information Technologies},
  volume={2},
  number={9},
  year={2014},
  url={https://cyberleninka.ru/article/n/on-micro-services-architecture}
}

@inproceedings{francisco2016juiz,
  title={Juiz online no ensino de programa{\c{c}}{\~a}o introdut{\'o}ria-uma revisao sistem{\'a}tica da literatura},
  author={Francisco, Rodrigo and J{\'u}nior, Cleon Pereira and Ambr{\'o}sio, Ana Paula},
  booktitle={Brazilian Symposium on Computers in Education (Simp{\'o}sio Brasileiro de Inform{\'a}tica na Educa{\c{c}}{\~a}o-SBIE)},
  volume={27},
  number={1},
  pages={11},
  year={2016},
  url={http://www.br-ie.org/pub/index.php/sbie/article/view/6676}
}

@article{young2002recommended,
  title={Recommended requirements gathering practices},
  author={Young, Ralph R},
  journal={CrossTalk},
  volume={15},
  number={4},
  pages={9--12},
  year={2002},
  publisher={Citeseer},
  url={http://citeseerx.ist.psu.edu/viewdoc/download?doi=10.1.1.643.8197&rep=rep1&type=pdf}
}

@article{de2004boca,
  title={BOCA: um sistema de apoio a competi{\c{c}}oes de programa{\c{c}}ao},
  author={de Campos, Cassio P and Ferreira, Carlos E},
  year={2004},
  url={http://www.eeecs.qub.ac.uk/~c.decampos/publist/papers/decampos2004d.pdf}
}

@article{rawat2020react,
  title={React JS: A Modern Web Development Framework},
  author={Rawat, Prateek and Mahajan’s, Archana N},
  journal={International Journal of Innovative Science and Research Technology},
  volume={5},
  number={11},
  year={2020},
  url = {https://ijisrt.com/assets/upload/files/IJISRT20NOV485.pdf}
}

@article{winter_r:ASD,
  author  = {Robert J. Winter},
  title   = {Agile software development: principles, patterns, and practices},
  journal = {Performance Improvement},
  year    = 2014,
  number  = 4,
  pages   = {43-46},
  volume  = 53,
  url     = {https://onlinelibrary.wiley.com/doi/epdf/10.1002/pfi.21408}
}

@online {obi2021,
    author = "OBI2021",
    title  = "Olimpíada Brasileira de informática; Pratique",
    url    = "https://olimpiada.ic.unicamp.br/pratique/",
    year = 2021
}

@online {obi2021:info,
    author = "OBI2021",
    title  = "Sobre a OBI",
    url    = "https://olimpiada.ic.unicamp.br/info/",
    year = 2021
}

@online {reactlatex,
    author = "Github",
    title  = "react-latex",
    url    = "https://github.com/zzish/react-latex",
    year = 2021
}

@online {onlinejudge,
    author = "OnlineJudge",
    title  = "Online Judge",
    url    = "https://onlinejudge.org/",
    year = 2021
}

@online {aboutICPC,
    author = {ICPC},
    title = {About ICPC},
    url = {https://icpc.global/regionals/abouticpc},
    year = 2021
}

@inproceedings{coore2019facilitating,
  title={Facilitating course assessment with a competitive programming platform},
  author={Coore, Daniel and Fokum, Daniel},
  booktitle={Proceedings of the 50th ACM Technical Symposium on Computer Science Education},
  pages={449--455},
  year={2019}
}

@article{moreno2018competitive,
  title={Competitive programming and gamification as strategy to engage students in computer science courses},
  author={MORENO, Julian and PINEDA, Andres F},
  journal={Revista ESPACIOS},
  volume={39},
  number={35},
  year={2018}
}

@article{revilla2008competitive,
  title={Competitive learning in informatics: The UVa online judge experience},
  author={Revilla, Miguel A and Manzoor, Shahriar and Liu, Rujia},
  journal={Olympiads in Informatics},
  volume={2},
  number={10},
  pages={131--148},
  year={2008},
  publisher={Institute of Mathematics and Informatics},
  url={https://ioinformatics.org/journal/INFOL035.pdf}
}

@book{halim2013competitive,
  title={Competitive programming 3},
  author={Halim, Steven and Halim, Felix and Skiena, Steven S and Revilla, Miguel A},
  year={2013},
  publisher={Citeseer}
}

@article{KURNIA2001299,
    title = {Online Judge},
    journal = {Computers \& Education},
    volume = {36},
    number = {4},
    pages = {299-315},
    year = {2001},
    issn = {0360-1315},
    doi = {https://doi.org/10.1016/S0360-1315(01)00018-5},
    url = {https://www.sciencedirect.com/science/article/pii/S0360131501000185},
    author = {Andy Kurnia and Andrew Lim and Brenda Cheang},
    keywords = {Automatic grading system, Online judge, Programming assignments},
    abstract = {This report describes and evaluates the implementation and applicability of an automatic programming assignment grading system we named the online judge. We compared this with the manual grading system that is currently being used and showed that the automatic grading system, when implemented carefully, is more convenient, fairer, and more secure than the former. We have successfully tested the system on two courses. However, further studies need to be conducted to improve the effectiveness of learning through this system.}
}

@book{richardson2013restful,
  title={RESTful Web APIs: Services for a Changing World},
  author={Richardson, Leonard and Amundsen, Mike and Amundsen, Michael and Ruby, Sam},
  year={2013},
  publisher={" O'Reilly Media, Inc."}
}

@book{masse2011rest,
  title={REST API Design Rulebook: Designing Consistent RESTful Web Service Interfaces},
  author={Masse, Mark},
  year={2011},
  publisher={" O'Reilly Media, Inc."}
}

@mastersthesis{ghebremicael2017transformation,
  title={Transformation of REST API to GraphQL for OpenTOSCA},
  author={Ghebremicael, Eyob Semere},
  year={2017},
  url={https://elib.uni-stuttgart.de/handle/11682/9369}
}

@misc{hadley2006web,
  title={Web application description language (WADL)},
  author={Hadley, Marc J},
  year={2006},
  publisher={Sun Microsystems, Inc.},
  url={https://dl.acm.org/doi/pdf/10.5555/1698142}
}